@Online{howard2019,
  author = 	 {Jeremy Howard},
  title = 	 {What is torch.nn really?},
  date = 	 {2019-03-28},
  url = 	 {https://pytorch.org/tutorials/beginner/nn_tutorial.html},
  urldate = 	 {2019-09-27},
}

@Online{torchnnref,
  author = 	 {Torch Contributors},
  title = 	 {torch.nn},
  date = 	 {2019-09-27},
  url = 	 {https://pytorch.org/docs/stable/nn.html},
  urldate = 	 {2019-09-27}
}

@Online{scipyloadarff,
  author = 	 {The SciPy Community},
  title = 	 {scipy.io.arff.loadarff},
  date = 	 {2019-09-27},
  url = 	 {https://docs.scipy.org/doc/scipy/reference/generated/scipy.io.arff.loadarff.html},
  urldate = 	 {2019-09-27}
}

@Online{torchnntut,
  author = 	 {Torch Contributors},
  title = 	 {PyTorch: NN},
  date = 	 {2019-09-27},
  url = 	 {https://pytorch.org/tutorials/beginner/examples_nn/two_layer_net_nn.html},
  urldate = 	 {2019-09-27},
}

@Online{torchtensors,
  author = 	 {Torch Contributors},
  title = 	 {torch.tensor},
  date = 	 {2019-09-28},
  url = 	 {https://pytorch.org/docs/stable/tensors.html},
  urldate = 	 {2019-09-28}
}

@Book{Lay,
  author = 	 {David C. Lay},
  title = 	 {Linear Algebra and its applications},
  year = 	 {2012},
  edition = 	 {4},
  publisher =    {Addison-Wesley},
  location =     {Boston, MA}
}

@Online{torchbug8069,
  ALTauthor = 	 {Masaya Kaneko and Sam Gross and Gabe Schwartz},
  title = 	 {Document torch.acos() behavior near -1 and 1},
  ALTyear = 	 {},
  date = 	 {2019-08-22},
  url = 	 {https://github.com/pytorch/pytorch/issues/8069},
  urldate = 	 {2019-09-29}
}


@Online{torchshuffle,
  author = 	 {D. Oliver},
  title = 	 {Torch: how to shuffle a tensor by its rows?},
  ALTdate = 	 {2019-07-27},
  url = 	 {https://stackoverflow.com/questions/44738273/torch-how-to-shuffle-a-tensor-by-its-rows},
  urldate =      {2019-10-02}
}

@Online{torchnnblitz,
  author = 	 {Torch Contributors},
  title = 	 {Deep Learning with PyTorch: A 60 Minute Blitz},
  subtitle =     {Neural Networks},
  date = 	 {2019-10-05},
  url = 	 {https://pytorch.org/tutorials/beginner/blitz/neural_networks_tutorial.html},
  urldate = 	 {2019-10-05}
}

@Online{mplppause,
  author = 	 {Joran Beasley and Guillem Cucurull},
  title = 	 {How to close a python figure by keyboard input?},
  ALTdate = 	 {2017-04-07},
  url = 	 {https://stackoverflow.com/questions/22899723/how-to-close-a-python-figure-by-keyboard-input},
  urldate = 	 {2019-10-05}
}

@Online{mplpplot,
  author = 	 {John Hunter and Darren Dale and Eric Firing and Michael Droeetboom and The Matplotlib Development Team},
  title = 	 {matplotlib.pyplot.plot},
  date = 	 {2019-08-26},
  url = 	 {https://matplotlib.org/api/_as_gen/matplotlib.pyplot.plot.html},
  urldate = 	 {2019-10-05}
}

@Online{mplpcolorbar,
  author = 	 {John Hunter and Darren Dale and Eric Firing and Michael Droeetboom and The Matplotlib Development Team},
  title = 	 {matplotlib.colorbar},
  date = 	 {2019-05-18},
  url = 	 {https://matplotlib.org/api/_as_gen/matplotlib.colorbar.html},
  urldate = 	 {2019-10-05}
}

@Online{mplpimshow,
  author = 	 {John Hunter and Darren Dale and Eric Firing and Michael Droeetboom and The Matplotlib Development Team},
  title = 	 {matplotlib.pyplot.imshow},
  date = 	 {2019-08-26},
  url = 	 {https://matplotlib.org/api/_as_gen/matplotlib.pyplot.imshow.html},
  urldate = 	 {2019-10-05}
}

@Online{torchactivations,
  ALTauthor = 	 {Krishna Vishalv and wgpubs},
  title = 	 {PyTorch - Best way to get at intermediate layers in VGG and ResNet},
  ALTdate = 	 {2018-06-24},
  url = 	 {https://forums.fast.ai/t/pytorch-best-way-to-get-at-intermediate-layers-in-vgg-and-resnet/5707/6},
  urldate = 	 {2019-10-06}
}

@Online{functools,
  author = 	 {Python Software Foundation},
  title = 	 {functools - Higher-order functions and operations on callable objects},
  date = 	 {2019-10-02},
  url = 	 {https://docs.python.org/3.6/library/functools.html},
  urldate = 	 {2019-10-06}
}

@Online{Phoneme,
  author = 	 {Hossein Hamooni and Abdullah Mueen},
  editor = 	 {William Vickers},
  title = 	 {Dataset: Phoneme},
  date = 	 {2019-08-09},
  url = 	 {http://www.timeseriesclassification.com/description.php?Dataset=Phoneme},
  urldate = 	 {2019-09-25}
}

@Online{DDHCPTS,
  author = 	 {Hossein Hamooni and Abdullah Mueen},
  title = 	 {Dual-domain Hierarchical Classification of Phonetic Time Series},
  ALTdate = 	 {2014-10-22},
  url = 	 {https://www.cs.unm.edu/~hamooni/papers/Dual_2014/Phoneme.pdf},
  organization = {University of New Mexico},
  urldate = 	 {2019-09-25}
}

@article{bagnall16bakeoff,
  title =        {The Great Time Series Classification Bake Off: a Review and Experimental Evaluation of Recent Algorithmic Advances},
  author =       {A. Bagnall and J. Lines and A. Bostrom and J. Large and E. Keogh},
  journal =      {Data Mining and Knowledge Discovery},
  volume =       {31},
  issue =        {3},
  pages =        {606-660},
  year =         {2017}
}

@Online{ueamvtsca,
  author = 	 {Anthony Bagnall and Hoangh Anh Dau and Jason Lines and Michael Flynn and James Large and Aaron Bostrom and Paul Southam and Eamonn Keogh},
  title = 	 {The UEA multivariate time series classification archive, 2018},
  date = 	 {2018-10-31},
  url = 	 {https://arxiv.org/pdf/1811.00075.pdf},
  urldate = 	 {2019-09-25},
  OPTannote = 	 {}
}

@Online{AIAYN,
  author = 	 {Ashish Vaswani and Noam Shazeer and Niki Parmar and Jakob Uszkoreit and Llion Jones and Aidan N. Gomez and Lukasz Kaiser and Illia Polosukhin},
  title = 	 {Attention Is All You Need},
  ALTdate = 	 {2017-12-06},
  url = 	 {https://arxiv.org/abs/1706.03762},
  urldate = 	 {2019-10-06}
}

@Online{deepspeech,
  author = 	 {Awni Hannun and Carl Case and Jared Casper and Bryan Catanzaro and Greg Diamos and Erich Elsen and Ryan Prenger and Sanjeev Satheesh and Shubho Sengupta and Adam Coates and Andrew Y. Ng},
  title = 	 {Deep Speech: Scaling up end-to-end speech recognition},
  date = 	 {2014-12-19},
  url = 	 {https://arxiv.org/abs/1412.5567},
  urldate = 	 {2019-10-06}
}

@Online{LAS,
  author = 	 {William Chan and Navdeep Jaitly and Quoc V. Le and Oriol Vinyals},
  title = 	 {Listen, Attend and Spell},
  date = 	 {2015-08-20},
  url = 	 {https://arxiv.org/abs/1508.01211},
  urldate = 	 {2019-10-06}
}
