@Online{howard2019,
  author = 	 {Jeremy Howard},
  title = 	 {What is torch.nn really?},
  date = 	 {2019-03-28},
  url = 	 {https://pytorch.org/tutorials/beginner/nn_tutorial.html},
  urldate = 	 {2019-09-27},
}

@Online{torchnnref,
  author = 	 {Torch Contributors},
  title = 	 {torch.nn},
  date = 	 {2019-09-27},
  url = 	 {https://pytorch.org/docs/stable/nn.html},
  urldate = 	 {2019-09-27}
}

@Online{scipyloadarff,
  author = 	 {The SciPy Community},
  title = 	 {scipy.io.arff.loadarff},
  date = 	 {2019-09-27},
  url = 	 {https://docs.scipy.org/doc/scipy/reference/generated/scipy.io.arff.loadarff.html},
  urldate = 	 {2019-09-27}
}

@Online{torchnntut,
  author = 	 {Torch Contributors},
  title = 	 {PyTorch: NN},
  date = 	 {2019-09-27},
  url = 	 {https://pytorch.org/tutorials/beginner/examples_nn/two_layer_net_nn.html},
  urldate = 	 {2019-09-27},
}

@Online{torchtensors,
  author = 	 {Torch Contributors},
  title = 	 {torch.tensor},
  date = 	 {2019-09-28},
  url = 	 {https://pytorch.org/docs/stable/tensors.html},
  urldate = 	 {2019-09-28}
}

@Book{Lay,
  author = 	 {David C. Lay},
  title = 	 {Linear Algebra and its applications},
  year = 	 {2012},
  edition = 	 {4},
  publisher =    {Addison-Wesley},
  location =     {Boston, MA}
}

@Online{torchbug8069,
  ALTauthor = 	 {Masaya Kaneko and Sam Gross and Gabe Schwartz},
  title = 	 {Document torch.acos() behavior near -1 and 1},
  ALTyear = 	 {},
  date = 	 {2019-08-22},
  url = 	 {https://github.com/pytorch/pytorch/issues/8069},
  urldate = 	 {2019-09-29}
}


@Online{torchshuffle,
  author = 	 {D. Oliver},
  title = 	 {Torch: how to shuffle a tensor by its rows?},
  ALTdate = 	 {2019-07-27},
  url = 	 {https://stackoverflow.com/questions/44738273/torch-how-to-shuffle-a-tensor-by-its-rows},
  urldate =      {2019-10-02}
}
